@online{knowledge_workers,
    title = "Chi sono i lavoratori della conoscenza - kwnoledge workers?",
    author = "Roberto Bernabò",
    url = "https://www.socialdigitalknowledge.com/2019/11/21/chi-sono-i-lavoratori-della-conoscenza-knowledge-workers/#:~:text=L'espressione%20%E2%80%9Clavoratori%20della%20conoscenza,conoscenza%20operano%20sui%20processi%20immateriali.",
    keywords = "knowledge worker, lavoratori della conoscenza"
}

@online{mental_fatigue,
    title = "[Applied Ergonomics 1994 Volume 25 Numero 6 pag 356-357] On the investigation of the neurophysiological correlates of knowledge worker mental fatigue using the EEG signal [Mental fatigue]",
    author = "O. Geoffrey Okogbaa, Richard L. Shell, Davorka Filipusic ",
    url = "https://scihub.wikicn.top/https://www.sciencedirect.com/science/article/abs/pii/000368709490054X",
    keywords = "mental fatigue, affaticamento mentale"

}

@online{occupational_burnout,
    title = "Occupational stress and job burnout in mental health",
    author = "A. Lasalvia",
    url = "https://www.cambridge.org/core/services/aop-cambridge-core/content/view/B6F96F3F103D77DA46F79905DB725C02/S2045796011000576a.pdf/occupational-stress-and-job-burnout-in-mental-health.pdf",
    keywords = "occupational burnout, burnout"
}

@online{burnout_europa,
    title = "Burnout in Europe. Relations with National Economy, Governance and Culture",
    author = "Prof. dr. Wilmar Schaufeli",
    url = "https://www.wilmarschaufeli.nl/publications/Schaufeli/500.pdf",
    keywords = "occupational burnout, burnout, europa"
}

@online{flow,
    title = "What is a flow state and what are its benefits?",
    url = "https://www.headspace.com/articles/flow-state",
    keywords = "flow"
}

@online{bci,
    title = "Interfaccia neurale",
    url = "https://it.wikipedia.org/wiki/Interfaccia_neurale",
    keywords = "interfaccia neurale, brain-computer interface, BCI"
}

@online{pbci,
    title = "[pag 2-4]Passive BCI beyond the lab: current trends and future directions",
    author = "P. Aricò, G. Borghini, G. Di Flumeri",
    url = "https://scihub.wikicn.top/https://iopscience.iop.org/article/10.1088/1361-6579/aad57e",
    keywords = "interfaccia neurale passiva, passive brain-computer interface, pBCI"
}

@online{muse,
    title = "Muse headbands",
    url = "https://choosemuse.com/",
    keywords = "Muse"
}

@online{immagine_muse,
    title = "Muse 2 review – the device to help you achieve calm through meditation",
    url = "https://www.techguide.com.au/reviews/gadgets-reviews/muse-2-review-device-help-achieve-calm-meditation/",
    keywords = "Muse"
}

@online{moscow,
    title = "MoSCoW Prioritization",
    url = "https://www.productplan.com/glossary/moscow-prioritization/#:~:text=The%20method%20is%20commonly%20used,not%20have%20at%20this%20time.",
    keywords = "moscow, MoSCoW"
}

@online{what_is_mongoDB,
    title = "What Is MongoDB?",
    url = "https://www.mongodb.com/what-is-mongodb",
    keywords = "mongodb"
}

@online{agile,
    title = "An introduction to Agile modeling",
    url = "http://www.agilemodeling.com/essays/introductionToAM.htm",
    keywords = "agile"
}

@online{sistema_distribuito,
    title = "[Sistemi distribuiti, seconda edizione - Sezione 1.1]Definizione di sistema distribuito",
    author = "Andrew S. Tanenbaum, Marteen Van Steen",
    url = "https://books.google.it/books?hl=it&lr=&id=uhrblChZ5_wC&oi=fnd&pg=PR15&dq=sistemi+distribuiti&ots=1JSYdXRG8f&sig=Djek_Bk0ySRPJ8gu8OcrB4vLrKU#v=onepage&q=sistemi%20distribuiti&f=false",
    keywords = "sistema distribuito"
}

@online{microservizi,
    title = "What are microservices?",
    url = "https://microservices.io/",
    keywords = "microservizi"
}

@online{SaaS,
    title = "Cos'è SaaS?",
    url = "https://www.salesforce.com/it/learning-centre/tech/saas/",
    keywords = "Saas, software as a service"
}

@online{introduzione_jsx_react,
    title = "Introduzione a JSX",
    url = "https://it.reactjs.org/docs/introducing-jsx.html",
    keywords = "JSX, React"
}

@online{componente_react,
    title = "Componenti e props",
    url = "https://it.reactjs.org/docs/components-and-props.html",
    keywords = "Componenti, props, React"
}

@online{state_e_lifecycle_react,
    title = "State e lifecycle",
    url = "https://it.reactjs.org/docs/state-and-lifecycle.html",
    keywords = "Stato, lifecycle, React"
}

@online{caratteristiche_redux,
    title = "Redux, A Predictable State Container for JS Apps",
    url = "https://redux.js.org/",
    keywords = "Redux, caratteristiche, deterministico, centralizzato, debug, flessibile"
}

@online{store_redux,
    title = "Store",
    url = "https://redux.js.org/basics/store",
    keywords = "Redux, store"
}

@online{reducer_redux,
    title = "Reducers",
    url = "https://redux.js.org/basics/reducers",
    keywords = "Redux, reducer"
}

@online{azioni_redux,
    title = "Actions",
    url = "https://redux.js.org/basics/actions",
    keywords = "Redux, azione"
}

@online{toolkit_redux,
    title = "Redux toolkit",
    url = "https://redux-toolkit.js.org/",
    keywords = "Redux, Redux toolkit"
}

@online{thunk_redux,
    title = "Thinking in thunks",
    url = "https://redux-toolkit.js.org/tutorials/advanced-tutorial#thinking-in-thunks",
    keywords = "Redux, Redux toolkit, thunk"
}

@online{documentazione_ant_design,
    title = "Ant design",
    url = "https://ant.design/docs/react/introduce",
    keywords = "React, Ant design"
}

@online{npm,
    title = "Node package manager - Npm",
    url = "https://docs.npmjs.com/about-npm/",
    keywords = "Npm, Node package manager"
}

@online{express,
    title = "Express",
    url = "https://expressjs.com/it/",
    keywords = "Express, server"
}

@online{MongoClient,
    title = "MongoClient",
    url = "https://mongodb.github.io/node-mongodb-native/api-generated/mongoclient.html",
    keywords = "MongoClient, MongoDB"
}
